@ARTICLE{haklay2008openstreetmap,
  title={Openstreetmap: User-generated street maps},
  author={Haklay, Mordechai and Weber, Patrick},
  journal={Pervasive Computing, IEEE},
  volume={7},
  number={4},
  pages={12--18},
  year={2008},
  publisher={IEEE}
}

@ARTICLE{wiggenbrockklassifikation,
  title={Klassifikation von OpenStreetMap-Daten gem{\"a}{\ss} dem AAA-Modell},
  author={Wiggenbrock, Jens}
}


@ONLINE{wiki:apple-maps,
   author = {Wikipedia},
   title = {Apple Maps --- Wikipedia{,} The Free Encyclopedia},
   year = 2015,
   url = {https://en.wikipedia.org/w/index.php?title=Apple_Maps&oldid=691885907},
   urldate = {2015-11-25}
}
 
@ONLINE{wiki:google-maps,
   author = {Wikipedia},
   title = {Google Maps --- Wikipedia{,} The Free Encyclopedia},
   year = 2015,
   url = {https://en.wikipedia.org/w/index.php?title=Google_Maps&oldid=692381008},
   urldate = {2015-11-25}
}

@INCOLLECTION{gaffuri2012toward,
  title={Toward web mapping with vector data},
  author={Gaffuri, Julien},
  booktitle={Geographic Information Science},
  pages={87--101},
  year={2012},
  publisher={Springer}
}